<?xml version="1.0" encoding="UTF-8"?><collection xmlns="http://www.loc.gov/MARC21/slim"><record><leader>00458nam--2200121-i-4500</leader><controlfield tag="001">000039872</controlfield><controlfield tag="002">20161230</controlfield><controlfield tag="005">20161230201042</controlfield><controlfield tag="008">060222s1000------------r-----000-0-eng-d</controlfield><datafield ind1=" " ind2=" " tag="100"><subfield code="a">Routh, Edward John</subfield></datafield><datafield ind1=" " ind2=" " tag="245"><subfield code="a">The advanced part of a treatise on the dynamics of a system of rigid bodies, being part ii of a treatise on the whole subject. with numerous examples. 6-th ed.revised and enlarged</subfield></datafield><datafield ind1=" " ind2=" " tag="260"><subfield code="a">New York, Dover Publ., 1955, Xvi + 484p</subfield></datafield><datafield ind1=" " ind2=" " tag="852"><subfield code="a">12928</subfield></datafield></record></collection>